<record><leader>00000cas a22000007a 4500</leader><controlfield tag="001">12680590</controlfield><controlfield tag="008">851016c198u9999iluwr ne      0   a0eng d</controlfield><datafield ind1=" " ind2=" " tag="010"><subfield code="a">sn 85009104 </subfield></datafield><datafield ind1=" " ind2=" " tag="040"><subfield code="a">NSD</subfield><subfield code="b">eng</subfield><subfield code="c">NSD</subfield><subfield code="d">OCLCQ</subfield></datafield><datafield ind1=" " ind2=" " tag="012"><subfield code="l">a</subfield><subfield code="m">x</subfield></datafield><datafield ind1="1" ind2=" " tag="022"><subfield code="a">0885-6389</subfield><subfield code="l">0885-6389</subfield><subfield code="2">1</subfield></datafield><datafield ind1=" " ind2=" " tag="037"><subfield code="b">The Sun, 349 N. Schmidt Rd., Bolingbrook, IL 60439</subfield></datafield><datafield ind1=" " ind2=" " tag="042"><subfield code="a">nsdp</subfield></datafield><datafield ind1="0" ind2=" " tag="130"><subfield code="a">Sun (Bolinbrook edition)</subfield></datafield><datafield ind1=" " ind2="4" tag="222"><subfield code="a">The Sun</subfield><subfield code="b">(Bolingbrook ed.)</subfield></datafield><datafield ind1="1" ind2="4" tag="245"><subfield code="a">The Sun.</subfield></datafield><datafield ind1=" " ind2=" " tag="250"><subfield code="a">Bolingbrook ed.</subfield></datafield><datafield ind1=" " ind2=" " tag="260"><subfield code="a">[Bolingbrook, Ill.] :</subfield><subfield code="b">Harold E. and Eva A. White</subfield></datafield><datafield ind1=" " ind2=" " tag="310"><subfield code="a">Weekly</subfield></datafield><datafield ind1=" " ind2=" " tag="588"><subfield code="a">Description based on: Vol. 23, no. 27 (Wednesday, July 3, 1985).</subfield></datafield><datafield ind1=" " ind2=" " tag="752"><subfield code="a">United States</subfield><subfield code="b">Illinois</subfield><subfield code="c">Will</subfield><subfield code="d">Bolingbrook.</subfield></datafield><datafield ind1="0" ind2=" " tag="775"><subfield code="t">Sun (Romeoville edition)</subfield><subfield code="x">0885-6397</subfield></datafield><datafield ind1="0" ind2="0" tag="780"><subfield code="t">Beacon sun</subfield><subfield code="b">Bolingbrook ed.</subfield><subfield code="x">0746-4444</subfield></datafield><datafield ind1=" " ind2=" " tag="936"><subfield code="a">Aug. 7, 1985</subfield></datafield></record>